<?xml version="1.0" encoding="UTF-8"?><collection xmlns="http://www.loc.gov/MARC21/slim"><record><leader>00565nam--2200193-i-4500</leader><controlfield tag="001">000032752</controlfield><controlfield tag="002">20161230</controlfield><controlfield tag="005">20161230201039</controlfield><controlfield tag="008">060222s1000------------r-----000-0-ger-d</controlfield><datafield ind1=" " ind2=" " tag="040"><subfield code="a">IFIN-HH</subfield></datafield><datafield ind1=" " ind2=" " tag="041"><subfield code="a">ger</subfield></datafield><datafield ind1=" " ind2=" " tag="080"><subfield code="a">539.175.3(075.9)</subfield></datafield><datafield ind1="1" ind2=" " tag="110"><subfield code="a">Technische Universitat</subfield></datafield><datafield ind1="1" ind2="0" tag="245"><subfield code="a">Kernfusionsforschung</subfield><subfield code="b">Vortrage im rahmen des seminars am 1. und 2. februar 1980</subfield></datafield><datafield ind1=" " ind2=" " tag="260"><subfield code="a">Wien</subfield><subfield code="b">Technische Universitat</subfield><subfield code="c">1980</subfield></datafield><datafield ind1=" " ind2=" " tag="300"><subfield code="a">369P</subfield></datafield><datafield ind1=" " ind2=" " tag="490"><subfield code="a">Budesministerium Fur Wissenschaft Und Forschung</subfield></datafield><datafield ind1=" " ind2=" " tag="852"><subfield code="a">70222</subfield><subfield code="c">539.17</subfield></datafield><datafield ind1=" " ind2=" " tag="CAT"><subfield code="a">Sys</subfield><subfield code="c">20120621</subfield><subfield code="h">112616</subfield></datafield></record></collection>